@article{kleinbergalgorithm,
  title={Algorithm Design},
  author={Kleinberg, Jon and Tardos, {\'E}va},
  publisher={Pearson Education, 2006}
}

@book{JeffE19,
  author = {Jeff Erickson},
  year = {2019},
  title = {Algorithms},
}

@book{CLRS,
  title={Introduction to algorithms},
  author={Cormen, Thomas H and Leiserson, Charles E and Rivest, Ronald L and Stein, Clifford},
  year={2022},
  publisher={MIT press}
}
