@book{JeffE19,
  author = {Jeff Erickson},
  year = {2019},
  title = {Algorithms},
}
